@book{boyd2004convex,
  title={Convex optimization},
  author={Boyd, Stephen and Vandenberghe, Lieven},
  year={2004},
  publisher={Cambridge university press}
}

@misc{unconstrained,
  author       = {Udell, Madeleine}, 
  title        = {Unconstrained Minimization},
  howpublished = {Cornell ORIE 6326 Lecture Notes}
}

@article{petersen2008matrix,
  title={The matrix cookbook},
  author={Petersen, Kaare Brandt and Pedersen, Michael Syskind and others},
  journal={Technical University of Denmark},
  volume={7},
  pages={15},
  year={2008}
}